@book{DK86,
author = "D.E. Knuth",
title = "The {\TeX}book",
publisher = "Addison Wesley",
year = 1986
}

@article{DK89,
author = "D.E. Knuth",
title = "Typesetting Concrete Mathematics",
journal = "TUGboat",
volume = 10,
number = 1,
pages = "31--36",
month = apr,
year = 1989
}


@Book{DC04,
  author =       {Debra Cameron},
  title =        {Learning GNU Emacs},
  publisher =    {Oâ€™Reilly Media, Inc.},
  year =         {2004},
  OPTkey =       {},
  OPTvolume =    {},
  OPTnumber =    {},
  OPTseries =    {},
  OPTaddress =   {},
  OPTedition =   {},
  OPTmonth =     {},
  OPTnote =      {},
  OPTannote =    {}
}



