@Book{DK86,
  author =       "D.E. Knuth",
  title =        "The {\TeX}book",
  publisher =    "Addison Wesley",
  year =         1986
}

@Article{DK89,
  author =       "D.E. Knuth",
  title =        "Typesetting Concrete Mathematics",
  journal =      "TUGboat",
  volume =       10,
  number =       1,
  pages =        "31--36",
  month =        apr,
  year =         1989
}


@Book{DC04,
  author =       {Debra Cameron et al},
  title =        {Learning GNU Emacs},
  publisher =    {Oâ€™Reilly Media, Inc.},
  year =         {2004}
}

@Book{IG16,
  author =       {Ian Goodfellow et al},
  title =        {Deep Learning},
  year =         {2016}
}


@Book{AZ21,
  author =       {Aston Zhang et al},
  title =        {Dive into Deep Learning},
  year =         {2021}
}

@Book{AR17,
  author =       {Adrian Rosebrock},
  title =        {Deep Learning for Computer Vision with Python},
  publisher =    {PyImageSearch},
  year =         {2017}
}


@Book{AR16,
  author =       {Adrian Rosebrock},
  title =        {Practical Python and OpenCV},
  publisher =    {PyImageSearch},
  year =         {2016}
}  


@Article{YL98,
  author =       {Yann LeCun et al},
  title =        {GradientBased Learning Applied to Document Recognition},
  journal =      {Proceedings of the IEEE},
  year =         {1998},
}

